<?xml version="1.0" encoding="UTF-8"?><collection><record><leader>06375ntm a2200517 a 4500</leader><controlfield tag="001">006768758</controlfield><controlfield tag="003">MiAaHDL</controlfield><controlfield tag="005">20190719000000.0</controlfield><controlfield tag="006">m        d        </controlfield><controlfield tag="007">cr bn ---auaua</controlfield><controlfield tag="008">090506s17uu    xx            00| ||ara d</controlfield><datafield tag="035" ind1=" " ind2=" "><subfield code="a">(MiU)006768758</subfield></datafield><datafield tag="035" ind1=" " ind2=" "><subfield code="a">sdr-miu006768758</subfield></datafield><datafield tag="040" ind1=" " ind2=" "><subfield code="a">MiU</subfield><subfield code="c">MiU</subfield><subfield code="e">amremm</subfield></datafield><datafield tag="043" ind1=" " ind2=" "><subfield code="a">n-us-mi</subfield></datafield><datafield tag="100" ind1="1" ind2=" "><subfield code="6">880-01</subfield><subfield code="a">Kāfiyajī, Muḥammad ibn Sulaymān,</subfield><subfield code="d">-1474.</subfield></datafield><datafield tag="245" ind1="1" ind2="0"><subfield code="6">880-03</subfield><subfield code="a">[Sharḥ al-Iʻrāb ʻan Qawāʻid al-iʻrāb,</subfield><subfield code="f">18th century].</subfield></datafield><datafield tag="246" ind1="3" ind2=" "><subfield code="i">Title inscription on 'title page' (p.3):</subfield><subfield code="a">قواعد اعراب شرحى كافيه جى</subfield></datafield><datafield tag="260" ind1=" " ind2=" "><subfield code="c">[17--].</subfield></datafield><datafield tag="300" ind1=" " ind2=" "><subfield code="a">170 leaves :</subfield><subfield code="b">paper ;</subfield><subfield code="c">212 x 152 (143 x 73) mm.</subfield></datafield><datafield tag="500" ind1=" " ind2=" "><subfield code="a">Shelfmark: Ann Arbor, University of Michigan, Special Collections Library, Isl. Ms. 135</subfield></datafield><datafield tag="500" ind1=" " ind2=" "><subfield code="a">Origin: Lacks dated colophon ; paper suggests 18th century.</subfield></datafield><datafield tag="500" ind1=" " ind2=" "><subfield code="a">Accompanying materials: Scrap with calligraphy exercises (paginated pp.99-100) ; scrap carrying repeated impressions of an ownership seal (paginated pp.277-278).</subfield></datafield><datafield tag="500" ind1=" " ind2=" "><subfield code="a">Former shelfmark: British Museum, London "No. 1. Kawaid al-irab, with commentary."</subfield></datafield><datafield tag="500" ind1=" " ind2=" "><subfield code="a">Binding: Pasteboards covered in marbled paper with brown leather over spine, fore-edge flap, and edges/turn-ins; Type II binding (with flap, now lost) ; board linings in salmon/pink laid paper ; sewn in pink thread, two stations ; worked endbands damaged with core of headband exposed, tailband nearly gone ; overall in poor condition with flap entirely lost, significant abrasion, lifting and losses of paper and leather, delamination of boards, staining, paper label affixed to upper cover, etc.</subfield></datafield><datafield tag="500" ind1=" " ind2=" "><subfield code="a">Support: European laid paper, likely of more than one type ; mainly with 9 laid lines per cm. (vertical) and chain lines spaced 25-26 mm. apart (horizontal) ; dark cream with some inclusions ; watermarks difficult to discern but include triple mount and fleur de lis above P G G ; another type with 11 laid lines per cm. (vertical) and chain lines spaced 23-24 mm. (horizontal) carries three hats watermark ; well-sized and burnished ; some moisture damage (mainly final two quires).</subfield></datafield><datafield tag="500" ind1=" " ind2=" "><subfield code="a">Decoration: Some headings, vocalization, glosses, corrections, and abbreviation symbols rubricated ; overlining in red ; written area throughout surrounded by red rule-border.</subfield></datafield><datafield tag="500" ind1=" " ind2=" "><subfield code="a">Script: Naskh ; bold Turkish hand ; virtually serifless ; slight effect of tilt to the left ; closed and open counters ; kāf mashkūlah (mashqūqah) preferred ; alif maqṣūrah occasionally mardūdah ; point of final nūn occasionally joined to bowl ; some variatin in line thickness.</subfield></datafield><datafield tag="500" ind1=" " ind2=" "><subfield code="a">Layout: Written in 21 lines per page ; frame-ruled.</subfield></datafield><datafield tag="500" ind1=" " ind2=" "><subfield code="a">Collation: i, 17 V (170), i ; exclusively quinions ; catchwords present ; pagination in pencil, Western numerals, supplied during digitization (includes flyleaves and inserts ; skips two pages between pp.323-324).</subfield></datafield><datafield tag="500" ind1=" " ind2=" "><subfield code="a">Explicit: "كفاية لمن تأمله فان التأمل اصل في ذكرك الامور كلها ... قال في اول هذا الكتاب يقتفي متأملها جادة الصواب جعلنا الله واياكم من اهل الجنة والثواب ... امين يا مجيب الدعوات ومفتح الابواب والحمد لله على جزيل نواله والصلوة والسلام على سيدنا محمد واله تمت الكتاب بعون الله الملك الوهاب"</subfield></datafield><datafield tag="500" ind1=" " ind2=" "><subfield code="a">Incipit: "الحمد لله الرافع لقواعد الدين والاسلام والناصب لرايات الهدى الى دار الخلد والسلام ... فان العبد المستمد من فيض فضل العزيز الوهاب محمد ابن سليمان المشهور بكافيجي بين الاصحاب يقول لما رأيت الكتاب المسمى بالاعراب عن قواعد الاعراب للشيخ الامام جمال الدين محمد بن عبد الله بن يوسف ابن هشام ... في غاية حسن الوقع عند ذوي الالباب ونهاية عموم النفع لمن تأمله من الطلاب ولكنه غير مستغن عن شرح يسفر عن وجوه مخدراته من النقاب .. استخرت الله تعالى في ان ارتب له شرحا يذلل ابيان سوارده الصعاب ..."</subfield></datafield><datafield tag="500" ind1=" " ind2=" "><subfield code="a">Title supplied by cataloguer.</subfield></datafield><datafield tag="500" ind1=" " ind2=" "><subfield code="a">Ms. codex.</subfield></datafield><datafield tag="510" ind1="4" ind2=" "><subfield code="a">Brockelmann, C. GAL,</subfield><subfield code="c">II 24</subfield></datafield><datafield tag="520" ind1="8" ind2=" "><subfield code="a">Fine copy of a commentary by al-Kāfiyajī (d.1474) Ibn Hishām's (d.1360) grammatical treatise on inflection and the Arabic sentence.</subfield></datafield><datafield tag="538" ind1=" " ind2=" "><subfield code="a">Mode of access: Internet.</subfield></datafield><datafield tag="541" ind1=" " ind2=" "><subfield code="c">Purchase ;</subfield><subfield code="a">Acquired by purchase (funds donated by Horace Rackham).</subfield><subfield code="d">1924.</subfield></datafield><datafield tag="546" ind1=" " ind2=" "><subfield code="a">Arabic.</subfield></datafield><datafield tag="561" ind1=" " ind2=" "><subfield code="a">Bookplate of British Museum, London on upper cover, "British Museum, London. No. 1. Kawaid al-irab, with commentary." ; circular seal impression with figure of goat/gazelle in purple ink as well as inscription "162" in Western numerals on front flyleaf (p.1) ; on paper (blue-tinted) pasted on 'title page' (p.3), a detailed waqf statement in the name of al-Sayyid ʻAbd Allāh Adīb (Abdullah Edip), known as Jannatʹzādah (Cennet-zade), qāḍī of Erzurum, accompanied by his seal, reads: "وقفت وقفا صحيحا شرعيا على ان لا يخرج من بيت الكتب الملتصق بداري الا لعلماء سكنوا بارضروم بكفيل مرعى اورهن قوي وانا الفقير اليه عز شانه السيد عبد الله اديب الشهير بجنت زاده القاضي بمدينة ارضروم في سنة اثنى وستين ومائتين والف" ; repeated impressions of circular ownership seal "محمد توفيق" on inserted scrap (paginated p.278) ; numerous marginal glosses and corrections.</subfield></datafield><datafield tag="600" ind1="1" ind2="0"><subfield code="a">Ibn Hishām, ʻAbd Allāh ibn Yūsuf,</subfield><subfield code="d">1309-1360.</subfield><subfield code="t">Iʻrāb ʻan qawāʻid al-iʻrāb.</subfield></datafield><datafield tag="650" ind1=" " ind2="0"><subfield code="a">Manuscripts, Arabic</subfield><subfield code="z">Michigan</subfield><subfield code="z">Ann Arbor.</subfield></datafield><datafield tag="650" ind1=" " ind2="0"><subfield code="a">Arabic language</subfield><subfield code="x">Inflection</subfield><subfield code="v">Early works to 1800.</subfield></datafield><datafield tag="650" ind1=" " ind2="0"><subfield code="a">Arabic language</subfield><subfield code="x">Grammar</subfield><subfield code="v">Early works to 1800.</subfield></datafield><datafield tag="773" ind1="0" ind2=" "><subfield code="a">Tiflis Collection.</subfield></datafield><datafield tag="880" ind1="1" ind2="0"><subfield code="6">245-03/</subfield><subfield code="a">[شرح الاعراب عن قواعد الاعراب,</subfield><subfield code="f">القرن 18م].</subfield></datafield><datafield tag="880" ind1="1" ind2=" "><subfield code="6">100-01/</subfield><subfield code="a">كافيجى، محمد بن سليمان.</subfield></datafield><datafield tag="CID" ind1=" " ind2=" "><subfield code="a">006768758</subfield></datafield><datafield tag="DAT" ind1="0" ind2=" "><subfield code="a">20190719102635.0</subfield><subfield code="b">20190719000000.0</subfield></datafield><datafield tag="DAT" ind1="1" ind2=" "><subfield code="a">20190719090653.0</subfield><subfield code="b">2019-07-19T16:11:18Z</subfield></datafield><datafield tag="DAT" ind1="2" ind2=" "><subfield code="a">2015-10-10T18:00:06Z</subfield></datafield><datafield tag="CAT" ind1=" " ind2=" "><subfield code="a">SDR-MIU</subfield><subfield code="d">EX LIBRIS - ALEPH</subfield><subfield code="l">prepare.pl-004-008</subfield></datafield><datafield tag="FMT" ind1=" " ind2=" "><subfield code="a">BK</subfield></datafield><datafield tag="HOL" ind1=" " ind2=" "><subfield code="0">sdr-miu006768758</subfield><subfield code="a">MiU</subfield><subfield code="b">SDR</subfield><subfield code="c">MIU</subfield><subfield code="p">mdp.39015079125160</subfield><subfield code="s">MIU</subfield><subfield code="1">006768758</subfield></datafield><datafield tag="974" ind1=" " ind2=" "><subfield code="b">MIU</subfield><subfield code="c">MIU</subfield><subfield code="d">20190719</subfield><subfield code="s">lit-dlps-dc</subfield><subfield code="u">mdp.39015079125160</subfield><subfield code="y">1799</subfield><subfield code="r">pd</subfield><subfield code="q">bib</subfield><subfield code="t">non-US bib date1 &lt; 1896</subfield></datafield></record></collection>